<?xml version="1.0" encoding="UTF-8"?><collection xmlns="http://www.loc.gov/MARC21/slim"><record><leader>00724nam--2200205-u-4500</leader><controlfield tag="001">000055035</controlfield><controlfield tag="002">20161230</controlfield><controlfield tag="005">20161230201051</controlfield><controlfield tag="008">121024s1000------------r-----000-0-eng-d</controlfield><datafield ind1=" " ind2=" " tag="020"><subfield code="a">0306307162</subfield></datafield><datafield ind1=" " ind2=" " tag="040"><subfield code="a">IFIN-HH</subfield></datafield><datafield ind1=" " ind2=" " tag="080"><subfield code="a">539.2(061.3):541.1(061.3)</subfield></datafield><datafield ind1="1" ind2=" " tag="100"><subfield code="a">Herman, F</subfield></datafield><datafield ind1="1" ind2="0" tag="245"><subfield code="a">Computational methods for large molecules and localized states in solids</subfield><subfield code="b">Proceedings of a symposium, held may 15-17, 1972, at the ibm research laboratory, san jose, california</subfield><subfield code="c">F. herman, a.d. mclearn, r.k. nesbet (eds.)</subfield></datafield><datafield ind1=" " ind2=" " tag="260"><subfield code="a">New York</subfield><subfield code="b">Plenum Press</subfield><subfield code="c">1973</subfield></datafield><datafield ind1=" " ind2=" " tag="300"><subfield code="a">XII+396P</subfield></datafield><datafield ind1=" " ind2=" " tag="490"><subfield code="a">The Ibm Research Symposia Series</subfield></datafield><datafield ind1="1" ind2=" " tag="700"><subfield code="a">Nesbet, R.K</subfield><subfield code="e">Ed</subfield></datafield><datafield ind1=" " ind2=" " tag="852"><subfield code="a">42033</subfield><subfield code="c">539.2</subfield></datafield><datafield ind1=" " ind2=" " tag="CAT"><subfield code="a">Sys</subfield><subfield code="c">20121024</subfield><subfield code="h">114534</subfield></datafield></record></collection>